%YAML 1.1
%TAG !u! tag:unity3d.com,2011:
--- !u!1 &1277262029847461258
GameObject:
  m_ObjectHideFlags: 0
  m_CorrespondingSourceObject: {fileID: 0}
  m_PrefabInstance: {fileID: 0}
  m_PrefabAsset: {fileID: 0}
  serializedVersion: 6
  m_Component:
  - component: {fileID: 3850950940657243920}
  - component: {fileID: 7874913289274271079}
  - component: {fileID: 7162789497042427955}
  - component: {fileID: 5984667485135819077}
  - component: {fileID: 5179009836969490353}
  - component: {fileID: 7573828936566080213}
  m_Layer: 0
  m_Name: PolyShape
  m_TagString: Untagged
  m_Icon: {fileID: 0}
  m_NavMeshLayer: 0
  m_StaticEditorFlags: 0
  m_IsActive: 1
--- !u!4 &3850950940657243920
Transform:
  m_ObjectHideFlags: 0
  m_CorrespondingSourceObject: {fileID: 0}
  m_PrefabInstance: {fileID: 0}
  m_PrefabAsset: {fileID: 0}
  m_GameObject: {fileID: 1277262029847461258}
  m_LocalRotation: {x: 0.62924206, y: 0.32257473, z: -0.32257473, w: 0.62924206}
  m_LocalPosition: {x: 17.348347, y: -53.481564, z: 15.271514}
  m_LocalScale: {x: 1, y: 1, z: 1}
  m_Children: []
  m_Father: {fileID: 0}
  m_RootOrder: 0
  m_LocalEulerAnglesHint: {x: 90, y: 0, z: -54.283}
--- !u!114 &7874913289274271079
MonoBehaviour:
  m_ObjectHideFlags: 0
  m_CorrespondingSourceObject: {fileID: 0}
  m_PrefabInstance: {fileID: 0}
  m_PrefabAsset: {fileID: 0}
  m_GameObject: {fileID: 1277262029847461258}
  m_Enabled: 1
  m_EditorHideFlags: 0
  m_Script: {fileID: 11500000, guid: 8233d90336aea43098adf6dbabd606a2, type: 3}
  m_Name: 
  m_EditorClassIdentifier: 
  m_MeshFormatVersion: 2
  m_Faces:
  - m_Indexes: 050000000400000003000000000000000600000005000000000000000500000001000000010000000500000003000000010000000300000002000000
    m_SmoothingGroup: 0
    m_Uv:
      m_UseWorldSpace: 0
      m_FlipU: 0
      m_FlipV: 0
      m_SwapUV: 0
      m_Fill: 1
      m_Scale: {x: 1, y: 1}
      m_Offset: {x: 0, y: 0}
      m_Rotation: 0
      m_Anchor: 9
    m_Material: {fileID: 2100000, guid: c22777d6e868e4f2fb421913386b154e, type: 2}
    m_SubmeshIndex: 0
    m_ManualUV: 0
    elementGroup: 0
    m_TextureGroup: -1
  - m_Indexes: 0d000000090000000c00000009000000070000000c0000000c000000070000000a000000070000000b0000000a000000090000000800000007000000
    m_SmoothingGroup: 0
    m_Uv:
      m_UseWorldSpace: 0
      m_FlipU: 0
      m_FlipV: 0
      m_SwapUV: 0
      m_Fill: 1
      m_Scale: {x: 1, y: 1}
      m_Offset: {x: 0, y: 0}
      m_Rotation: 0
      m_Anchor: 9
    m_Material: {fileID: 2100000, guid: c22777d6e868e4f2fb421913386b154e, type: 2}
    m_SubmeshIndex: 0
    m_ManualUV: 0
    elementGroup: 0
    m_TextureGroup: -1
  - m_Indexes: 0e0000000f000000100000000f0000001100000010000000
    m_SmoothingGroup: 0
    m_Uv:
      m_UseWorldSpace: 0
      m_FlipU: 0
      m_FlipV: 0
      m_SwapUV: 0
      m_Fill: 1
      m_Scale: {x: 1, y: 1}
      m_Offset: {x: 0, y: 0}
      m_Rotation: 0
      m_Anchor: 9
    m_Material: {fileID: 0}
    m_SubmeshIndex: 0
    m_ManualUV: 0
    elementGroup: -1
    m_TextureGroup: -1
  - m_Indexes: 120000001300000014000000130000001500000014000000
    m_SmoothingGroup: 0
    m_Uv:
      m_UseWorldSpace: 0
      m_FlipU: 0
      m_FlipV: 0
      m_SwapUV: 0
      m_Fill: 1
      m_Scale: {x: 1, y: 1}
      m_Offset: {x: 0, y: 0}
      m_Rotation: 0
      m_Anchor: 9
    m_Material: {fileID: 0}
    m_SubmeshIndex: 0
    m_ManualUV: 0
    elementGroup: -1
    m_TextureGroup: -1
  - m_Indexes: 160000001700000018000000170000001900000018000000
    m_SmoothingGroup: 0
    m_Uv:
      m_UseWorldSpace: 0
      m_FlipU: 0
      m_FlipV: 0
      m_SwapUV: 0
      m_Fill: 1
      m_Scale: {x: 1, y: 1}
      m_Offset: {x: 0, y: 0}
      m_Rotation: 0
      m_Anchor: 9
    m_Material: {fileID: 0}
    m_SubmeshIndex: 0
    m_ManualUV: 0
    elementGroup: -1
    m_TextureGroup: -1
  - m_Indexes: 1a0000001b0000001c0000001b0000001d0000001c000000
    m_SmoothingGroup: 0
    m_Uv:
      m_UseWorldSpace: 0
      m_FlipU: 0
      m_FlipV: 0
      m_SwapUV: 0
      m_Fill: 1
      m_Scale: {x: 1, y: 1}
      m_Offset: {x: 0, y: 0}
      m_Rotation: 0
      m_Anchor: 9
    m_Material: {fileID: 0}
    m_SubmeshIndex: 0
    m_ManualUV: 0
    elementGroup: -1
    m_TextureGroup: -1
  - m_Indexes: 1e0000001f000000200000001f0000002100000020000000
    m_SmoothingGroup: 0
    m_Uv:
      m_UseWorldSpace: 0
      m_FlipU: 0
      m_FlipV: 0
      m_SwapUV: 0
      m_Fill: 1
      m_Scale: {x: 1, y: 1}
      m_Offset: {x: 0, y: 0}
      m_Rotation: 0
      m_Anchor: 9
    m_Material: {fileID: 0}
    m_SubmeshIndex: 0
    m_ManualUV: 0
    elementGroup: -1
    m_TextureGroup: -1
  - m_Indexes: 220000002300000024000000230000002500000024000000
    m_SmoothingGroup: 0
    m_Uv:
      m_UseWorldSpace: 0
      m_FlipU: 0
      m_FlipV: 0
      m_SwapUV: 0
      m_Fill: 1
      m_Scale: {x: 1, y: 1}
      m_Offset: {x: 0, y: 0}
      m_Rotation: 0
      m_Anchor: 9
    m_Material: {fileID: 0}
    m_SubmeshIndex: 0
    m_ManualUV: 0
    elementGroup: -1
    m_TextureGroup: -1
  - m_Indexes: 260000002700000028000000270000002900000028000000
    m_SmoothingGroup: 0
    m_Uv:
      m_UseWorldSpace: 0
      m_FlipU: 0
      m_FlipV: 0
      m_SwapUV: 0
      m_Fill: 1
      m_Scale: {x: 1, y: 1}
      m_Offset: {x: 0, y: 0}
      m_Rotation: 0
      m_Anchor: 9
    m_Material: {fileID: 0}
    m_SubmeshIndex: 0
    m_ManualUV: 0
    elementGroup: -1
    m_TextureGroup: -1
  m_SharedVertices:
  - m_Vertices: 000000001800000021000000
  - m_Vertices: 0a000000160000001f000000
  - m_Vertices: 010000002000000029000000
  - m_Vertices: 0c0000001e00000027000000
  - m_Vertices: 020000002500000028000000
  - m_Vertices: 0d0000002300000026000000
  - m_Vertices: 030000001500000024000000
  - m_Vertices: 090000001300000022000000
  - m_Vertices: 040000001100000014000000
  - m_Vertices: 080000000f00000012000000
  - m_Vertices: 05000000100000001d000000
  - m_Vertices: 070000000e0000001b000000
  - m_Vertices: 06000000190000001c000000
  - m_Vertices: 0b000000170000001a000000
  m_SharedTextures: []
  m_Positions:
  - {x: 0.048639838, y: 0.29372847, z: 0.49300343}
  - {x: 0.044858743, y: 0.29372674, z: 0.86021}
  - {x: -0.6199445, y: 0.2937246, z: 0.8324314}
  - {x: -0.41869763, y: 0.29372698, z: 0.7684627}
  - {x: -0.52164584, y: 0.29372466, z: 0.5692974}
  - {x: -0.24415393, y: 0.29372466, z: 0.595512}
  - {x: -0.33259538, y: 0.2937246, z: 0.44333225}
  - {x: -0.24415265, y: -0.0000024437904, z: 0.5955124}
  - {x: -0.5216446, y: -0.0000024437904, z: 0.5692978}
  - {x: -0.41869634, y: -0.00000011920929, z: 0.76846313}
  - {x: 0.04864111, y: 0.0000013709068, z: 0.49300385}
  - {x: -0.3325941, y: -0.000002503395, z: 0.44333267}
  - {x: 0.044860017, y: -0.00000035762787, z: 0.8602104}
  - {x: -0.61994326, y: -0.000002503395, z: 0.8324318}
  - {x: -0.24415265, y: -0.0000024437904, z: 0.5955124}
  - {x: -0.5216446, y: -0.0000024437904, z: 0.5692978}
  - {x: -0.24415393, y: 0.29372466, z: 0.595512}
  - {x: -0.52164584, y: 0.29372466, z: 0.5692974}
  - {x: -0.5216446, y: -0.0000024437904, z: 0.5692978}
  - {x: -0.41869634, y: -0.00000011920929, z: 0.76846313}
  - {x: -0.52164584, y: 0.29372466, z: 0.5692974}
  - {x: -0.41869763, y: 0.29372698, z: 0.7684627}
  - {x: 0.04864111, y: 0.0000013709068, z: 0.49300385}
  - {x: -0.3325941, y: -0.000002503395, z: 0.44333267}
  - {x: 0.048639838, y: 0.29372847, z: 0.49300343}
  - {x: -0.33259538, y: 0.2937246, z: 0.44333225}
  - {x: -0.3325941, y: -0.000002503395, z: 0.44333267}
  - {x: -0.24415265, y: -0.0000024437904, z: 0.5955124}
  - {x: -0.33259538, y: 0.2937246, z: 0.44333225}
  - {x: -0.24415393, y: 0.29372466, z: 0.595512}
  - {x: 0.044860017, y: -0.00000035762787, z: 0.8602104}
  - {x: 0.04864111, y: 0.0000013709068, z: 0.49300385}
  - {x: 0.044858743, y: 0.29372674, z: 0.86021}
  - {x: 0.048639838, y: 0.29372847, z: 0.49300343}
  - {x: -0.41869634, y: -0.00000011920929, z: 0.76846313}
  - {x: -0.61994326, y: -0.000002503395, z: 0.8324318}
  - {x: -0.41869763, y: 0.29372698, z: 0.7684627}
  - {x: -0.6199445, y: 0.2937246, z: 0.8324314}
  - {x: -0.61994326, y: -0.000002503395, z: 0.8324318}
  - {x: 0.044860017, y: -0.00000035762787, z: 0.8602104}
  - {x: -0.6199445, y: 0.2937246, z: 0.8324314}
  - {x: 0.044858743, y: 0.29372674, z: 0.86021}
  m_Textures0:
  - {x: 0.04864111, y: 0.49300385}
  - {x: 0.044860017, y: 0.8602104}
  - {x: -0.61994326, y: 0.8324318}
  - {x: -0.41869634, y: 0.76846313}
  - {x: -0.5216446, y: 0.5692978}
  - {x: -0.24415265, y: 0.5955124}
  - {x: -0.3325941, y: 0.44333267}
  - {x: 0.24415265, y: 0.5955124}
  - {x: 0.5216446, y: 0.5692978}
  - {x: 0.41869634, y: 0.76846313}
  - {x: -0.04864111, y: 0.49300385}
  - {x: 0.3325941, y: 0.44333267}
  - {x: -0.044860017, y: 0.8602104}
  - {x: 0.61994326, y: 0.8324318}
  - {x: -0.18706186, y: -0.0000030619942}
  - {x: -0.4657893, y: -0.0000030619942}
  - {x: -0.18706317, y: 0.29372403}
  - {x: -0.4657906, y: 0.29372403}
  - {x: -0.26620102, y: -0.00000017270646}
  - {x: -0.49040002, y: 0.0000021518747}
  - {x: -0.2662001, y: 0.29372692}
  - {x: -0.49039903, y: 0.29372925}
  - {x: 0.11192861, y: 0.00000096159}
  - {x: -0.27252883, y: -0.000002912712}
  - {x: 0.11192729, y: 0.29372805}
  - {x: -0.27253014, y: 0.29372418}
  - {x: -0.21618374, y: -0.0000009426393}
  - {x: -0.39219669, y: -0.00000088303466}
  - {x: -0.21618274, y: 0.29372615}
  - {x: -0.39219567, y: 0.2937262}
  - {x: 0.85970294, y: -0.00000059139006}
  - {x: 0.49247688, y: 0.0000011371446}
  - {x: 0.8597025, y: 0.2937265}
  - {x: 0.4924765, y: 0.29372823}
  - {x: -0.63181126, y: -0.0000017392043}
  - {x: -0.8429802, y: -0.00000412339}
  - {x: -0.63181233, y: 0.29372537}
  - {x: -0.8429812, y: 0.293723}
  - {x: 0.58465016, y: -0.000003567945}
  - {x: -0.08073323, y: -0.0000014221778}
  - {x: 0.5846514, y: 0.29372352}
  - {x: -0.080731936, y: 0.29372567}
  m_Textures2: []
  m_Textures3: []
  m_Tangents:
  - {x: 1, y: 0.000011180793, z: -9.600455e-18, w: -1}
  - {x: 1, y: 0.0000043349532, z: 1.7973245e-18, w: -1}
  - {x: 1, y: 0.0000042290985, z: 0, w: -1}
  - {x: 1, y: 0.00000014129371, z: 0, w: -1}
  - {x: 1, y: -0.000001159221, z: 0, w: -1}
  - {x: 1, y: 0.0000046390924, z: 1.4194196e-18, w: -1}
  - {x: 1, y: 0.00001093983, z: -5.4261973e-18, w: -1}
  - {x: -1, y: -0.0000046390924, z: -1.4194195e-18, w: -1}
  - {x: -1, y: 0.000001159221, z: -1.3950301e-18, w: -1}
  - {x: -1, y: -0.00000014129348, z: 8.180477e-20, w: -1}
  - {x: -1, y: -0.000011180794, z: 0, w: -1}
  - {x: -1, y: -0.000010939831, z: 0, w: -1}
  - {x: -1, y: -0.0000043349532, z: 0, w: -1}
  - {x: -1, y: -0.000004229098, z: 1.0898617e-17, w: -1}
  - {x: 0.9955674, y: 0, z: 0.094051026, w: -1}
  - {x: 0.9955674, y: 0, z: 0.094051026, w: -1}
  - {x: 0.9955674, y: 0, z: 0.094051026, w: -1}
  - {x: 0.9955674, y: 0, z: 0.094051026, w: -1}
  - {x: -0.45918253, y: 9.338109e-14, z: -0.88834196, w: -1}
  - {x: -0.4591825, y: 9.4724196e-14, z: -0.888342, w: -1}
  - {x: -0.4591825, y: 9.4724196e-14, z: -0.888342, w: -1}
  - {x: -0.4591824, y: 0, z: -0.88834196, w: -1}
  - {x: 0.9916188, y: 1.2638736e-14, z: 0.12919813, w: -1}
  - {x: 0.9916188, y: 1.2614319e-14, z: 0.12919813, w: -1}
  - {x: 0.9916188, y: 1.2614319e-14, z: 0.12919813, w: -1}
  - {x: 0.9916188, y: 1.2589902e-14, z: 0.12919813, w: -1}
  - {x: -0.5024713, y: -1.8229377e-13, z: -0.86459386, w: -1}
  - {x: -0.50247127, y: -9.114687e-14, z: -0.86459386, w: -1}
  - {x: -0.50247127, y: -9.114687e-14, z: -0.86459386, w: -1}
  - {x: -0.50247127, y: -9.114687e-14, z: -0.86459386, w: -1}
  - {x: -0.01029637, y: 0, z: 0.999947, w: -1}
  - {x: -0.010296371, y: -4.0530446e-15, z: 0.999947, w: -1}
  - {x: -0.010296371, y: -4.0530446e-15, z: 0.999947, w: -1}
  - {x: -0.01029637, y: 0, z: 0.999947, w: -1}
  - {x: 0.95301396, y: -7.973225e-14, z: -0.3029265, w: -1}
  - {x: 0.95301396, y: 0, z: -0.3029265, w: -1}
  - {x: 0.95301396, y: 0, z: -0.3029265, w: -1}
  - {x: 0.95301396, y: 7.881625e-14, z: -0.30292654, w: -1}
  - {x: -0.99912816, y: 4.624318e-15, z: -0.0417483, w: -1}
  - {x: -0.99912816, y: 4.6184006e-15, z: -0.0417483, w: -1}
  - {x: -0.99912816, y: 4.6184006e-15, z: -0.0417483, w: -1}
  - {x: -0.99912816, y: 4.6124828e-15, z: -0.0417483, w: -1}
  m_Colors: []
  m_UnwrapParameters:
    m_HardAngle: 88
    m_PackMargin: 20
    m_AngleError: 8
    m_AreaError: 15
  m_PreserveMeshAssetOnDestroy: 0
  assetGuid: 
  m_Mesh: {fileID: 0}
  m_VersionIndex: 2516
  m_IsSelectable: 1
  m_SelectedFaces: 
  m_SelectedEdges: []
  m_SelectedVertices: 
--- !u!114 &7162789497042427955
MonoBehaviour:
  m_ObjectHideFlags: 0
  m_CorrespondingSourceObject: {fileID: 0}
  m_PrefabInstance: {fileID: 0}
  m_PrefabAsset: {fileID: 0}
  m_GameObject: {fileID: 1277262029847461258}
  m_Enabled: 1
  m_EditorHideFlags: 0
  m_Script: {fileID: 11500000, guid: bb977b126bc1b4f15813dcf9da9bb600, type: 3}
  m_Name: 
  m_EditorClassIdentifier: 
  m_Points:
  - {x: 0.04864111, y: 0.0000013709068, z: 0.49300385}
  - {x: 0.044860017, y: -0.00000035762787, z: 0.8602104}
  - {x: -0.61994326, y: -0.000002503395, z: 0.8324318}
  - {x: -0.41869634, y: -0.00000011920929, z: 0.76846313}
  - {x: -0.5216446, y: -0.0000024437904, z: 0.5692978}
  - {x: -0.24415265, y: -0.0000024437904, z: 0.5955124}
  - {x: -0.3325941, y: -0.000002503395, z: 0.44333267}
  m_Extrude: 0.2937271
  m_EditMode: 0
  m_FlipNormals: 0
  isOnGrid: 0
--- !u!23 &5984667485135819077
MeshRenderer:
  m_ObjectHideFlags: 0
  m_CorrespondingSourceObject: {fileID: 0}
  m_PrefabInstance: {fileID: 0}
  m_PrefabAsset: {fileID: 0}
  m_GameObject: {fileID: 1277262029847461258}
  m_Enabled: 1
  m_CastShadows: 1
  m_ReceiveShadows: 1
  m_DynamicOccludee: 1
  m_StaticShadowCaster: 0
  m_MotionVectors: 1
  m_LightProbeUsage: 1
  m_ReflectionProbeUsage: 1
  m_RayTracingMode: 2
  m_RayTraceProcedural: 0
  m_RenderingLayerMask: 1
  m_RendererPriority: 0
  m_Materials:
  - {fileID: 2100000, guid: 38f240b2ede08274eb952f97a4d582c4, type: 2}
  m_StaticBatchInfo:
    firstSubMesh: 0
    subMeshCount: 0
  m_StaticBatchRoot: {fileID: 0}
  m_ProbeAnchor: {fileID: 0}
  m_LightProbeVolumeOverride: {fileID: 0}
  m_ScaleInLightmap: 1
  m_ReceiveGI: 1
  m_PreserveUVs: 0
  m_IgnoreNormalsForChartDetection: 0
  m_ImportantGI: 0
  m_StitchLightmapSeams: 1
  m_SelectedEditorRenderState: 2
  m_MinimumChartSize: 4
  m_AutoUVMaxDistance: 0.5
  m_AutoUVMaxAngle: 89
  m_LightmapParameters: {fileID: 0}
  m_SortingLayerID: 0
  m_SortingLayer: 0
  m_SortingOrder: 0
  m_AdditionalVertexStreams: {fileID: 0}
--- !u!33 &5179009836969490353
MeshFilter:
  m_ObjectHideFlags: 0
  m_CorrespondingSourceObject: {fileID: 0}
  m_PrefabInstance: {fileID: 0}
  m_PrefabAsset: {fileID: 0}
  m_GameObject: {fileID: 1277262029847461258}
  m_Mesh: {fileID: 0}
--- !u!64 &7573828936566080213
MeshCollider:
  m_ObjectHideFlags: 0
  m_CorrespondingSourceObject: {fileID: 0}
  m_PrefabInstance: {fileID: 0}
  m_PrefabAsset: {fileID: 0}
  m_GameObject: {fileID: 1277262029847461258}
  m_Material: {fileID: 0}
  m_IsTrigger: 0
  m_Enabled: 1
  serializedVersion: 4
  m_Convex: 0
  m_CookingOptions: 30
  m_Mesh: {fileID: 0}
